

@book{Wilkinson:2006td,
author = {Wilkinson, Darren J},
title = {{Stochastic Modelling for Systems Biology}},
publisher = {CRC Press},
year = {2006},
month = nov
}

@book{Alon:2007,
author = {Alon, Uri},
title = {{An Introduction To The Systems Biology}},
publisher = {Chapman \& Hall/CRC},
year = {2007},
}

@book{Strogatz:1994,
author = {Strogatz, Steven H},
title = {{Nonlinear dynamics and chaos}},
publisher = {Westview Press},
year = {1994},
}

@Book{ggplot2:bk,
    author = {Hadley Wickham},
    title = {ggplot2: Elegant Graphics for Data Analysis},
    publisher = {Springer-Verlag New York},
    year = {2009},
    isbn = {978-0-387-98140-6},
    url = {http://ggplot2.org},
  }
  
@book{mathematica:2016,
year = {2016},
author = {Mathematica},
title = {version 10.3},
publisher = {Wolfram Research, Inc.},
}
@book{DuCharme:1999,
author = { DuCharme, Bob. },
title = { XML : the annotated specification / Bob DuCharme },
isbn = { 0130826766 },
publisher = { Prentice Hall PTR Upper Saddle River, NJ },
pages = { xix, 339 p. : },
year = { 1999 },
type = { Book },
language = { English },
subjects = { XML (Document markup language); Database management. },
life-dates = { 1999 -  },
catalogue-url = { http://nla.gov.au/nla.cat-vn1383488 },
}

@book{lotka:voltera,
	author={Lotka, Alfred J.},
 	title = {Elements of Physical Biology},
 	publisher={Williams and Wilkins},
 	year={1925}}

@Manual{flowViz:man,
    title = {flowViz: Visualization for flow cytometry},
    author = {B. Ellis and R. Gentleman and F. Hahne and N. {Le Meur} and D. Sarkar and M. Jiang},
    year = {2016},
    note = {R package version 1.36.2},
  }
  
@Manual{flowCore:man,
    title = {flowCore: flowCore: Basic structures for flow cytometry data},
    author = {B. Ellis and P. Haaland and F. Hahne and N. {Le Meur} and N. Gopalakrishnan and J. Spidlen and M. Jiang},
    year = {2016},
    note = {R package version 1.38.2},
  }
  
  @article{Finney:2003vk,
author = {Finney, A and Hucka, M and Le Novere, N},
title = {{Systems Biology Markup Language (SBML) level 2: structures and facilities for model definitions}},
year = {2003}
}
  
  @book{Shapiro:1941,
author = {Shapiro, Howard M. },
title = {{Practical flow cytometry }},
publisher = {Wiley-Liss },
year = {1941},
}

@misc{Syrtis2016,
  author = {Major, Syrtis},
  title = {ndtest},
  year = {2016},
  publisher = {GitHub},
  journal = {GitHub repository},
  howpublished = {\url{https://github.com/syrte/ndtest.git}},
  commit = {865de56}
}

@misc{Fedorec2016,
  author = {Fedorec, Alex J},
  title = {autoGate},
  year = {2016},
  publisher = {GitHub},
  journal = {GitHub repository},
  howpublished = {\url{https://github.com/ajfedorec/autoGate.git}},
  commit = {3af556bcdc2656989be2070b3a55ccabceb1bd07}
}

@online{FlowDiagram,
  title = {What is Flow Cytometry},
  howpublished = {\url{http://qcri.queensu.ca/cancer_biology_genetics/queens_university_biomedical_imaging_centre/services/flow_cytometry/what_is_flow_cytometry_}},
  note = {Accessed: 2016-08-01}
}

@article{Kolmogorov:1933,
author = {Kolmogorov, A. N.},
title = {{Sulla Determinazione Empirica di Una Legge di Distribuzione}},
journal = {Giornale dellâ€™Istituto Italiano degli Attuari},
year = {1933},
volume = {4},
pages = {83--91},
}
 

@book{R:2008,
author={R Development Core Team},
title={R: A language and environment for statistical computing.},
publisher={R Foundation for Statistical Computing},
year={2008},
isbn = {3-900051-07-0},
url = {www.Rproject.org},
} 

@book{konopka:2007,
AUTHOR    = {Konopka, Andrzej}, 
TITLE     = {Systems Biology, Principles, methods and concepts},
PUBLISHER = {CRC Press},
YEAR      = {2007}
}

@book{kaplan:1959,
AUTHOR    = {Kaplan, Daniel and Glass, Leon}, 
TITLE     = {Understanding nonlinear dynamics},
PUBLISHER = {Springer-Verlag},
YEAR      = {1995}
}

@article{Atkinson:2003tu,
author = {Atkinson, Mariette and Savageau, Michael and Myers, Jesse and Ninfa, Alexander},
title = {{Development of Genetic Circuitry Exhibiting Toggle Switch or Oscillatory Behavior in \emph{Escherichia coli}
}},
journal = {Cell},
year = {2003}
}


@incollection{iglesias:2010,
  author      = {Ingalls, Brian and Iglesias, Pablo},
  title       = {A primer on control engineering},
  editor      = {Ingalls, Brian and Iglesias, Pablo},
  booktitle   = {Control theory and systems biology},
  publisher   = {MIT Press},
  address     = {Cambridge, MA},
  year        = {2010},
  pages       = {1-28},
  chapter     = {1}
}

@incollection{khamash_iglesias:2010,
  author      = {Khammash, Mustafa},
  title       = {Modeling and analysis of stochastic biochemical networks},
  editor      = {Ingalls, Brian and Iglesias, Pablo},
  booktitle   = {Control theory and systems biology},
  publisher   = {MIT Press},
  address     = {Cambridge, MA},
  year        = {2010},
  pages       = {29-44},
  chapter     = {2}
}

@phdthesis{Toni:2010,
    title    = {Approximate Bayesian computation for parameter inference and model selection in systems biology},
    school   = {Imperial College London},
    author   = {Toni, Tina},
    year     = {2010}, 
}